@book{examplebook,
  author    = {John Doe},
  title     = {Título del Libro},
  publisher = {Editorial Ejemplo},
  year      = {2020},
  address   = {Ciudad Ejemplo},
  edition   = {2},
  isbn      = {978-3-16-148410-0}
}

@article{examplearticle,
  author  = {Jane Smith},
  title   = {Título del Artículo},
  journal = {Revista Ejemplo},
  year    = {2021},
  volume  = {15},
  number  = {3},
  pages   = {123-145},
  doi     = {10.1234/rev-ejemplo.2021.015}
}

@online{examplegithub,
  author       = {John Doe},
  title        = {Repositorio de Ejemplo},
  year         = {2022},
  url          = {https://github.com/johndoe/example-repo},
  urldate      = {2023-05-01},
  organization = {GitHub}
}

@online{ulllibguide,
    author       = {{Universidad de La Laguna}},
    title        = {Guía de Estilo para Elaborar Trabajos Fin de Grado y Fin de Máster},
    year         = {2023},
    url          = {https://ull-es.libguides.com/c.php?g=674761&p=4808121},
    urldate      = {2024-05-21}
}